@misc {dynamo,
    author = {Bill Sandholm and Emin Dokumaci and Francisco Franchetti},
    title = {Dynamo: Diagrams for Evolutionary Game Dynamics},
    year = {2014},
    howpublished = {\url{http://www.ssc.wisc.edu/~whs/dynamo/}}
}

@misc {pyevodyn,
    author = {Julian Garcia},
    title = {Evolutionary dynamics with python},
    year = {2014},
    howpublished = {\url{https://github.com/juliangarcia/pyevodyn}}
}
